@book{Example-Book,
    Author = {I. Surname and I. Surname and I. Surname},
    Title = {The Title of the Book},
    Publisher = {Publisher},
    Year = {2000},
    Edition = {8th ed.},
    Address = {City, State or Country},
    Note = {}
}

@online{Example-Website,
    Author = {{Website}}, 
    Title = {Title of the Website},
    Url = {https://example.com},
    Urldate = {2020-12-24},
    Year = {2000}
}

@Book{anderson-introduction-to-flight,
    Author = {J.D. Anderson},
    Title = {Introduction to Flight},
    Publisher = {McGraw Hill Education},
    Year = {2016},
    Edition = {8th international ed.},
    Address = {New York},
    Note = {}
}

@Book{anderson-fundamentals-of-aerodynamics,
    Author = {J.D. Anderson},
    Title = {Fundamentals of Aerodynamics},
    Publisher = {McGraw Hill Education},
    Year = {2017},
    Edition = {6th international ed.},
    Address = {New York},
    Note = {}
}

@Book{ruijgrok-elements-of-airplane-performance, 
    Author = {J.J. Ruijgrok},
    Title = {Elements of Airplane Performance},
    Publisher = {Delft Academic Press},
    Year = {2013},
    Edition = {2nd ed.},
    Address = {Delft},
    Note = {}
}

@Book{alderliesten-introduction-to-aerospace-structures-and-materials,
    Author = {R.C. Alderliesten},
    Title = {Introduction to Aerospace Structures and Materials},
    Publisher = {TU Delft},
    Year = {2018},
    Edition = {},
    Address = {Delft, The Netherlands},
    Note = {}
}

@Book{ashby-aerospace-materials,
    Author = {M.F. Ashby and H. Shercliff and D. Cebon},
    Title = {Materials: engineering, science, processing and designs},
    Publisher = {Butterworth-Heinemann},
    Year = {2014},
    Edition = {3rd ed.},
    Address = {Oxford},
    Note = {}
}

@Book{hibbeler-mechanics-dynamics,
    Author = {R.C. Hibbeler},
    Title = {Engineering Mechanics: Dynamics},
    Publisher = {Pearson},    
    Year = {2013},
    Edition = {14th ed. in SI units},
    Address = {Harlow},
    Note = {}
}

@Book{hibbeler-mechanics-of-materials,
    Author = {R.C. Hibbeler},
    Title = {Mechanics of Materials},
    Publisher = {Pearson},
    Year = {2017},
    Edition = {10th ed. in SI units},
    Address = {Harlow},
    Note = {}
}

@Book{megson-aircraft-structures,
    Author = {T.H.G. Megson},
    Title = {Materials: engineering, science, processing and designs},
    Publisher = {Butterworth-Heinemann},
    Year = {2017},
    Edition = {6th ed.},
    Address = {Oxford},
    Note = {}
}

@Book{giancoli-physics-for-scientists-and-engineers,
    Author = {D.C. Giancoli},
    Title = {Physics for scientists and engineers with modern physics},
    Publisher = {Pearson},
    Year = {2008},
    Edition = {4th international ed.},
    Address = {Harlow},
    Note = {}
}

@book{project-manual,
    Author = {M.J. Schuurman},
    Title = {AE1222-I Project Manual Design and Construction},
    Publisher = {TU Delft},
    Year = {2019},
    Edition = {},
    Address = {Delft,The Netherlands},
    Note = {}
}

@online{thermal-properties-aluminium,
    Author = {{www.totalmateria.com}}, 
    Title = {Properties of Aluminium Alloys at Cryogenic and Elevated Temperatures},
    Url = {www.totalmateria.com/Article23.htm},
    Urldate = {},
    Year = {2001}
}

@article{Metal-matrix-composites-for-space-applications,
    Author = {Suraj P. Rawal},
    Title = {Metal-Matrix Composites for Space Applications},
    Url = {https://rdcu.be/b1Af9},
    Year = {April 2001},
}

@article{Carbon Fibres: Production, Properties and Potential Use,
    Author = {Pooja Bhatt and Alka Goe},
    Title = {Carbon Fibres: Production, Properties and Potential Use}, 
    Url = {http://www.materialsciencejournal.org/vol14no1/carbon-fibres-production-properties-and-potential-use/},
    Year = {2017}, 
}

@book{Composites Science and Technology,
    Author = {P.V Joseph and Marcelo S Rabello and L.H.C Mattoso and Kuruvilla Joseph and Sabu Thomas},
    Title = {Environmental effects on the degradation behaviour of sisal fibre reinforced polypropylene composite},
    journal = {Composites Science and Technology},
    Pages = {1357}
    Year = {2002},
    url = {http://www.sciencedirect.com/science/article/pii/S0266353802000805},
}

@article{Thermomechanical-behaviour-of-composite-materials,
    Author = {Yu.l. Dimitrienko},
    Title = {Thermomechanical behaviour of composite materials and structures under high temperatures: 2. Structures},
    Journal = {Composites Part A: Applied Science and Manufacturing},
    Volume = {28},
    Number = {5},
    Pages = {463-471},
    Year = {1997},
    Note = {}
}

@article{Sound-and-vibration-damping,
    Author = {S. Prabhakaran},
    Title = {Sound and Vibration Damping Properties of Flax Fiber Reinforced Composites},
    Journal = {Procedia Engineering},
    Volume = {97},
    Number = {},
    Pages = {573-581},
    Year = {2014},
    Note = {}
}

@article{Thermal-behaviour-of-composites,
    Author = {D.Hull, and T.W. Clyne},
    Title = {Thermal behaviour of composites},
    Journal = {Cambridge University Press},
    Volume = {},
    Number = {},
    Pages = {237-270},
    Year = {1996},
    Note = {}
}

@article{Composite-Beams,
    Author = {Ulf Arne Girhammar, and Vijaya K. A. Gopu},
    Title = {Composite beam-columns with interlayer slip - exact analysis},
    Journal = {Journal of structural Engineering},
    Volume = {119},
    Number = {4},
    Pages = {1268-1282},
    Year = {1993},
    Note = {}
}

@online{torsional-stiffness,
    Author = {V. Ramasamy, P. Purushothama Raj, 
    Title = {Strength of Materials},
    Url = {https://www.oreilly.com/library/view/strength-of-materials/9789332514829/xhtml/ch6sec4.xhtml},
    Urldate = {2020-12-24},
    Year = {2000}
}
